@book{durbin_eddy_krogh_mitchison_1998,
place={Cambridge},
title={Biological Sequence Analysis: Probabilistic Models of Proteins and Nucleic Acids},
 DOI={10.1017/CBO9780511790492},
  publisher={Cambridge University Press},
  author={Durbin, Richard and Eddy, Sean R. and Krogh, Anders and Mitchison, Graeme},
   year={1998}}

   @article{DBLP:journals/almob/ApostolicoCDP13,
     author    = {Alberto Apostolico and
                  Matteo Comin and
                  Andreas W. M. Dress and
                  Laxmi Parida},
     title     = {Ultrametric networks: a new tool for phylogenetic analysis},
     journal   = {Algorithms for Molecular Biology},
     volume    = {8},
     pages     = {7},
     year      = {2013}
   }
